@article{Terras1976,
  author  = {Terras, R.},
  title   = {A stopping time problem on the positive integers},
  journal = {Acta Arith.},
  volume  = {30},
  pages   = {241--252},
  year    = {1976}
}

@article{Everett1977,
  author  = {Everett, C. J.},
  title   = {Iteration of the number–theoretic function \(f(2n)=n,\;f(2n+1)=3n+2\)},
  journal = {Adv. Math.},
  volume  = {25},
  pages   = {42--45},
  year    = {1977}
}

@misc{LagariasBib2003,
  author = {Lagarias, J. C.},
  title  = {The \(3x+1\) problem: an annotated bibliography (1963–2000)},
  note   = {arXiv:math/0309224},
  year   = {2003}
}

@misc{KohlRCWA2012,
  author = {Kohl, S.},
  title  = {Residue‐class‐wise affine groups},
  note   = {\url{https://stefan-kohl.github.io/rcwa/}},
  year   = {2012}
}

@misc{LagariasOverview2021,
  author = {Lagarias, J. C.},
  title  = {The \(3x+1\) problem: an overview},
  note   = {arXiv:2111.02635},
  year   = {2021}
}

@misc{Sultanow2020,
  author = {Sultanow, E.},
  title  = {Collatz sequences in the light of graph theory},
  note   = {ResearchGate preprint},
  year   = {2020}
}

@incollection{Akin2004,
  author    = {Ethan Akin},
  title     = {Why Is the $3x+1$ Problem Hard?},
  booktitle = {Chapel Hill Ergodic Theory Workshops},
  editor    = {Idris Assani},
  series    = {Contemporary Mathematics},
  volume    = {356},
  publisher = {American Mathematical Society},
  address   = {Providence, RI},
  year      = {2004},
  pages     = {1--20},
  mrnumber  = {2052280}
}

@misc{Angermund2025,
  author = {Angermund, S.},
  title = {Collatz parity tree generation},
  year = {2025},
  publisher = {GitHub},
  journal = {GitHub repository},
  howpublished = {\url{https://github.com/sebastianangermund/mixed_maths/tree/master/collatz}}
}

@article{SimonsDeWeger2005,
  author    = {John L. Simons and Benne M. M. de Weger},
  title     = {Theoretical and Computational Bounds for $m$-Cycles of the $3n\!+\!1$ Problem},
  journal   = {Acta Arithmetica},
  year      = {2005},
  volume    = {117},
  number    = {1},
  pages     = {51--70},
  issn      = {0065-1036},
  url       = {https://eudml.org/doc/278746},
  note      = {Introduces the ``$m$-cycle matrix’’ and proves non-existence of non-trivial $m$-cycles for $m\le 68$},
}
